@Book{xie2015,
  title = {Dynamic Documents with {R} and knitr},
  author = {Yihui Xie},
  publisher = {Chapman and Hall/CRC},
  address = {Boca Raton, Florida},
  year = {2015},
  edition = {2nd},
  note = {ISBN 978-1498716963},
  url = {http://yihui.name/knitr/},
}

@book{Xie_2016,
    place={Boca Raton, FL},
    title={Bookdown: Authoring Books and Technical Documents with R Markdown},
    ISBN={978-1-138-70010-9},
    publisher={Chapman & Hall/CRC: the R Series},
    author={Xie, Yihui},
    year={2016},
    url = {https://bookdown.org/yihui/bookdown/},
}



@book{Adler_Doren_1972,
    title={How to read a book: the art of getting a liberal education},
    author={Adler, Mortimer Jerome and Van Doren, Charles Lincoln},
    publisher={Simon \& Schuster},
    place={New York},
    year={1972},
}

@book{Kienpointner_1996,
    place={Reinbek bei Hamburg},
    title={Vern√ºnftig argumentieren: Regeln und Techniken der Diskussion},
    ISBN={978-3-499-60109-5},
    publisher={Rowohlt},
    author={Kienpointner, Manfred},
    year={1996}
}

@book{Baumgartner_Payr_2001,
    title={Studieren und Forschen mit dem Internet},
    volume={1},
    ISBN={978-3-7065-1319-7},
    publisher={Studienverlag},
    author={Baumgartner, Peter and Payr, Sabine},
    year={2001},
    month={Apr}
}
