
@phdthesis{nosko_digitale_2016,
	address = {Klagenfurt},
	title = {Das digitale {Schulbuch}: {Konzeption} und inhaltliche {Gestaltung}.},
	shorttitle = {Das digitale {Schulbuch}},
	language = {German},
	school = {Alpen-Adria Universit√§t Klagenfurt},
	author = {Nosko, Christian},
	year = {2016}
}