
@thesis{nosko_digitale_2016,
	location = {Klagenfurt},
	title = {Das digitale Schulbuch: Konzeption und inhaltliche Gestaltung.},
	shorttitle = {Das digitale Schulbuch},
	institution = {Alpen-Adria Universit√§t Klagenfurt},
	type = {phdthesis},
	author = {Nosko, Christian},
	date = {2016}
}